%YAML 1.1
%TAG !u! tag:unity3d.com,2011:
--- !u!1 &506495657580469086
GameObject:
  m_ObjectHideFlags: 0
  m_CorrespondingSourceObject: {fileID: 0}
  m_PrefabInstance: {fileID: 0}
  m_PrefabAsset: {fileID: 0}
  serializedVersion: 6
  m_Component:
  - component: {fileID: 4662266274738959028}
  m_Layer: 6
  m_Name: SpawnSpot
  m_TagString: Untagged
  m_Icon: {fileID: 0}
  m_NavMeshLayer: 0
  m_StaticEditorFlags: 0
  m_IsActive: 1
--- !u!4 &4662266274738959028
Transform:
  m_ObjectHideFlags: 0
  m_CorrespondingSourceObject: {fileID: 0}
  m_PrefabInstance: {fileID: 0}
  m_PrefabAsset: {fileID: 0}
  m_GameObject: {fileID: 506495657580469086}
  m_LocalRotation: {x: 0, y: 0, z: 0, w: 1}
  m_LocalPosition: {x: 0, y: 0, z: 0}
  m_LocalScale: {x: 1, y: 1, z: 1}
  m_ConstrainProportionsScale: 0
  m_Children: []
  m_Father: {fileID: 6745625032407314855}
  m_RootOrder: 1
  m_LocalEulerAnglesHint: {x: 0, y: 0, z: 0}
--- !u!1 &1578911654893813217
GameObject:
  m_ObjectHideFlags: 0
  m_CorrespondingSourceObject: {fileID: 0}
  m_PrefabInstance: {fileID: 0}
  m_PrefabAsset: {fileID: 0}
  serializedVersion: 6
  m_Component:
  - component: {fileID: 9021731087036430213}
  - component: {fileID: 6675624480849171415}
  m_Layer: 0
  m_Name: BulletBox
  m_TagString: BulletCollider
  m_Icon: {fileID: 0}
  m_NavMeshLayer: 0
  m_StaticEditorFlags: 0
  m_IsActive: 1
--- !u!4 &9021731087036430213
Transform:
  m_ObjectHideFlags: 0
  m_CorrespondingSourceObject: {fileID: 0}
  m_PrefabInstance: {fileID: 0}
  m_PrefabAsset: {fileID: 0}
  m_GameObject: {fileID: 1578911654893813217}
  m_LocalRotation: {x: -0, y: -0, z: -0, w: 1}
  m_LocalPosition: {x: 0, y: 0, z: 0}
  m_LocalScale: {x: 1, y: 1, z: 1}
  m_ConstrainProportionsScale: 0
  m_Children: []
  m_Father: {fileID: 6745625032407314855}
  m_RootOrder: 0
  m_LocalEulerAnglesHint: {x: 0, y: 0, z: 0}
--- !u!58 &6675624480849171415
CircleCollider2D:
  m_ObjectHideFlags: 0
  m_CorrespondingSourceObject: {fileID: 0}
  m_PrefabInstance: {fileID: 0}
  m_PrefabAsset: {fileID: 0}
  m_GameObject: {fileID: 1578911654893813217}
  m_Enabled: 1
  m_Density: 1
  m_Material: {fileID: 0}
  m_IsTrigger: 1
  m_UsedByEffector: 0
  m_UsedByComposite: 0
  m_Offset: {x: 0.05, y: -0.5}
  serializedVersion: 2
  m_Radius: 1.5
--- !u!1 &7906058613153288674
GameObject:
  m_ObjectHideFlags: 0
  m_CorrespondingSourceObject: {fileID: 0}
  m_PrefabInstance: {fileID: 0}
  m_PrefabAsset: {fileID: 0}
  serializedVersion: 6
  m_Component:
  - component: {fileID: 6745625032407314855}
  - component: {fileID: 3962652558291287617}
  - component: {fileID: 5410142630759715535}
  - component: {fileID: 2107071045001149042}
  - component: {fileID: 6962796227411593608}
  - component: {fileID: 4950134698777250292}
  - component: {fileID: 4911787260865353743}
  - component: {fileID: 3082240172168412059}
  - component: {fileID: 423010931107911896}
  - component: {fileID: 8294471178410768521}
  - component: {fileID: 7583809972172222688}
  m_Layer: 6
  m_Name: Slime2 MB
  m_TagString: Enemy
  m_Icon: {fileID: 0}
  m_NavMeshLayer: 0
  m_StaticEditorFlags: 0
  m_IsActive: 1
--- !u!4 &6745625032407314855
Transform:
  m_ObjectHideFlags: 0
  m_CorrespondingSourceObject: {fileID: 0}
  m_PrefabInstance: {fileID: 0}
  m_PrefabAsset: {fileID: 0}
  m_GameObject: {fileID: 7906058613153288674}
  m_LocalRotation: {x: 0, y: 0, z: 0, w: 1}
  m_LocalPosition: {x: -1.3721622, y: -3.6607196, z: 0}
  m_LocalScale: {x: 0.7, y: 0.7, z: 0.7}
  m_ConstrainProportionsScale: 0
  m_Children:
  - {fileID: 9021731087036430213}
  - {fileID: 4662266274738959028}
  m_Father: {fileID: 0}
  m_RootOrder: 0
  m_LocalEulerAnglesHint: {x: 0, y: 0, z: 0}
--- !u!212 &3962652558291287617
SpriteRenderer:
  m_ObjectHideFlags: 0
  m_CorrespondingSourceObject: {fileID: 0}
  m_PrefabInstance: {fileID: 0}
  m_PrefabAsset: {fileID: 0}
  m_GameObject: {fileID: 7906058613153288674}
  m_Enabled: 1
  m_CastShadows: 0
  m_ReceiveShadows: 0
  m_DynamicOccludee: 1
  m_StaticShadowCaster: 0
  m_MotionVectors: 1
  m_LightProbeUsage: 1
  m_ReflectionProbeUsage: 1
  m_RayTracingMode: 0
  m_RayTraceProcedural: 0
  m_RenderingLayerMask: 1
  m_RendererPriority: 0
  m_Materials:
  - {fileID: 10754, guid: 0000000000000000f000000000000000, type: 0}
  m_StaticBatchInfo:
    firstSubMesh: 0
    subMeshCount: 0
  m_StaticBatchRoot: {fileID: 0}
  m_ProbeAnchor: {fileID: 0}
  m_LightProbeVolumeOverride: {fileID: 0}
  m_ScaleInLightmap: 1
  m_ReceiveGI: 1
  m_PreserveUVs: 0
  m_IgnoreNormalsForChartDetection: 0
  m_ImportantGI: 0
  m_StitchLightmapSeams: 1
  m_SelectedEditorRenderState: 0
  m_MinimumChartSize: 4
  m_AutoUVMaxDistance: 0.5
  m_AutoUVMaxAngle: 89
  m_LightmapParameters: {fileID: 0}
  m_SortingLayerID: 0
  m_SortingLayer: 0
  m_SortingOrder: 1
  m_Sprite: {fileID: 21300000, guid: de8d87def551eac49b06d29317cfef22, type: 3}
  m_Color: {r: 1, g: 1, b: 1, a: 1}
  m_FlipX: 0
  m_FlipY: 0
  m_DrawMode: 0
  m_Size: {x: 3.77, y: 5.13}
  m_AdaptiveModeThreshold: 0.5
  m_SpriteTileMode: 0
  m_WasSpriteAssigned: 1
  m_MaskInteraction: 0
  m_SpriteSortPoint: 0
--- !u!95 &5410142630759715535
Animator:
  serializedVersion: 5
  m_ObjectHideFlags: 0
  m_CorrespondingSourceObject: {fileID: 0}
  m_PrefabInstance: {fileID: 0}
  m_PrefabAsset: {fileID: 0}
  m_GameObject: {fileID: 7906058613153288674}
  m_Enabled: 1
  m_Avatar: {fileID: 0}
  m_Controller: {fileID: 9100000, guid: 9b71f63e2e2911048bc528a03760945a, type: 2}
  m_CullingMode: 0
  m_UpdateMode: 0
  m_ApplyRootMotion: 0
  m_LinearVelocityBlending: 0
  m_StabilizeFeet: 0
  m_WarningMessage: 
  m_HasTransformHierarchy: 1
  m_AllowConstantClipSamplingOptimization: 1
  m_KeepAnimatorStateOnDisable: 0
  m_WriteDefaultValuesOnDisable: 0
--- !u!50 &2107071045001149042
Rigidbody2D:
  serializedVersion: 4
  m_ObjectHideFlags: 0
  m_CorrespondingSourceObject: {fileID: 0}
  m_PrefabInstance: {fileID: 0}
  m_PrefabAsset: {fileID: 0}
  m_GameObject: {fileID: 7906058613153288674}
  m_BodyType: 0
  m_Simulated: 1
  m_UseFullKinematicContacts: 0
  m_UseAutoMass: 0
  m_Mass: 70
  m_LinearDrag: 0
  m_AngularDrag: 0.05
  m_GravityScale: 0
  m_Material: {fileID: 0}
  m_Interpolate: 0
  m_SleepingMode: 1
  m_CollisionDetection: 1
  m_Constraints: 4
--- !u!58 &6962796227411593608
CircleCollider2D:
  m_ObjectHideFlags: 0
  m_CorrespondingSourceObject: {fileID: 0}
  m_PrefabInstance: {fileID: 0}
  m_PrefabAsset: {fileID: 0}
  m_GameObject: {fileID: 7906058613153288674}
  m_Enabled: 1
  m_Density: 1
  m_Material: {fileID: 0}
  m_IsTrigger: 0
  m_UsedByEffector: 0
  m_UsedByComposite: 0
  m_Offset: {x: 0.05, y: -0.5}
  serializedVersion: 2
  m_Radius: 1.5
--- !u!114 &4950134698777250292
MonoBehaviour:
  m_ObjectHideFlags: 0
  m_CorrespondingSourceObject: {fileID: 0}
  m_PrefabInstance: {fileID: 0}
  m_PrefabAsset: {fileID: 0}
  m_GameObject: {fileID: 7906058613153288674}
  m_Enabled: 1
  m_EditorHideFlags: 0
  m_Script: {fileID: 11500000, guid: 801f57040bb914b4db5f8ccb2c5306a9, type: 3}
  m_Name: 
  m_EditorClassIdentifier: 
  animator: {fileID: 5410142630759715535}
--- !u!114 &4911787260865353743
MonoBehaviour:
  m_ObjectHideFlags: 0
  m_CorrespondingSourceObject: {fileID: 0}
  m_PrefabInstance: {fileID: 0}
  m_PrefabAsset: {fileID: 0}
  m_GameObject: {fileID: 7906058613153288674}
  m_Enabled: 1
  m_EditorHideFlags: 0
  m_Script: {fileID: 11500000, guid: 925d8c3646ab3014a9c79a62b5f5d42b, type: 3}
  m_Name: 
  m_EditorClassIdentifier: 
  dontMove: 0
  speed: 1
  baseSpeed: 0
  player: {fileID: 0}
  distance: 0
  canBeSlowed: 0
  slowed: 0
  speedMutli: 1
  slowAfterEffectTime: 0.5
--- !u!114 &3082240172168412059
MonoBehaviour:
  m_ObjectHideFlags: 0
  m_CorrespondingSourceObject: {fileID: 0}
  m_PrefabInstance: {fileID: 0}
  m_PrefabAsset: {fileID: 0}
  m_GameObject: {fileID: 7906058613153288674}
  m_Enabled: 1
  m_EditorHideFlags: 0
  m_Script: {fileID: 11500000, guid: 4667d601309164e4289e63884b580af3, type: 3}
  m_Name: 
  m_EditorClassIdentifier: 
  animationManager: {fileID: 4950134698777250292}
  maxHealth: 450
  currentHealth: 0
  ablityPointsWorth: 4
  experienceWorth: 60
  goldGainOnKill: 115
  dead: 0
  despawnTime: 0.3
  bossEnemy: 1
  explosive: {fileID: 4750785746899878888, guid: 510322beb52c39746abc363336aac241, type: 3}
  enemyExplosion: {fileID: 1061162856553092478, guid: 510322beb52c39746abc363336aac241, type: 3}
  maxHPDamagePassedPercent: 0.1
  canExplode: 1
  damageNumberPrefab: {fileID: 966909241214483137, guid: 6424baaa9fdf63f4aba349181b788888, type: 3}
--- !u!114 &423010931107911896
MonoBehaviour:
  m_ObjectHideFlags: 0
  m_CorrespondingSourceObject: {fileID: 0}
  m_PrefabInstance: {fileID: 0}
  m_PrefabAsset: {fileID: 0}
  m_GameObject: {fileID: 7906058613153288674}
  m_Enabled: 1
  m_EditorHideFlags: 0
  m_Script: {fileID: 11500000, guid: 608204934bfc0fd4682b29af9eb90c6d, type: 3}
  m_Name: 
  m_EditorClassIdentifier: 
  animationManager: {fileID: 4950134698777250292}
  enemyHealth: {fileID: 3082240172168412059}
  enemyMovement: {fileID: 4911787260865353743}
  playerHealth: {fileID: 0}
  contactDamageAmount: 5
  distanceToAttack: -99
  distanceToTarget: 0
  attackingStopMove: 1
  slimeEnemy: 1
  notSlimeRanged: 0
  distanceToAttackRanged: 15
  spawnSpot: {fileID: 506495657580469086}
  bullet: {fileID: 4912727492548941851, guid: b057b7b130fc79d4db12330b32f42101, type: 3}
  whenToAttack: 2.5
  whenToAttackCounter: 0
--- !u!114 &8294471178410768521
MonoBehaviour:
  m_ObjectHideFlags: 0
  m_CorrespondingSourceObject: {fileID: 0}
  m_PrefabInstance: {fileID: 0}
  m_PrefabAsset: {fileID: 0}
  m_GameObject: {fileID: 7906058613153288674}
  m_Enabled: 1
  m_EditorHideFlags: 0
  m_Script: {fileID: 11500000, guid: 90c5296e2722e504599cc374cd18cef3, type: 3}
  m_Name: 
  m_EditorClassIdentifier: 
  enemyHealth: {fileID: 3082240172168412059}
  spriteRenderer: {fileID: 3962652558291287617}
  radiation: 0
  radDamagePerSecondPercent: 0.03
  radiationDuration: 0
  midasTouched: 0
  midasDuration: 0
  midasGoldGain: 2
  applyOnce: 0
  fire: 0
  fireDamagePerSecondPercent: 0.09
  fireDuration: 0
  longestEffectDuration: 0
--- !u!114 &7583809972172222688
MonoBehaviour:
  m_ObjectHideFlags: 0
  m_CorrespondingSourceObject: {fileID: 0}
  m_PrefabInstance: {fileID: 0}
  m_PrefabAsset: {fileID: 0}
  m_GameObject: {fileID: 7906058613153288674}
  m_Enabled: 1
  m_EditorHideFlags: 0
  m_Script: {fileID: 11500000, guid: 615a048b4689b524f927f22d52622a5b, type: 3}
  m_Name: 
  m_EditorClassIdentifier: 
  Offset: {x: 0.5, y: 0.4, z: 0}
  Material: {fileID: 2100000, guid: af659b9a48791cf4f93fcd8ae12fb744, type: 2}
  shadowSize: {x: 0.6, y: 0.6, z: 0.6}
