%YAML 1.1
%TAG !u! tag:unity3d.com,2011:
--- !u!1 &4898425109631163906
GameObject:
  m_ObjectHideFlags: 0
  m_CorrespondingSourceObject: {fileID: 0}
  m_PrefabInstance: {fileID: 0}
  m_PrefabAsset: {fileID: 0}
  serializedVersion: 6
  m_Component:
  - component: {fileID: 4898425109631163905}
  m_Layer: 0
  m_Name: GameObject
  m_TagString: Untagged
  m_Icon: {fileID: 0}
  m_NavMeshLayer: 0
  m_StaticEditorFlags: 0
  m_IsActive: 1
--- !u!4 &4898425109631163905
Transform:
  m_ObjectHideFlags: 0
  m_CorrespondingSourceObject: {fileID: 0}
  m_PrefabInstance: {fileID: 0}
  m_PrefabAsset: {fileID: 0}
  m_GameObject: {fileID: 4898425109631163906}
  m_LocalRotation: {x: -0, y: -0, z: -0, w: 1}
  m_LocalPosition: {x: 14.2, y: -2.6000004, z: 0}
  m_LocalScale: {x: 1, y: 1, z: 1}
  m_ConstrainProportionsScale: 0
  m_Children:
  - {fileID: 4898425109903643442}
  - {fileID: 4898425109790075465}
  - {fileID: 4898425109953075074}
  m_Father: {fileID: 0}
  m_RootOrder: 0
  m_LocalEulerAnglesHint: {x: 0, y: 0, z: 0}
--- !u!1 &4898425109790075466
GameObject:
  m_ObjectHideFlags: 0
  m_CorrespondingSourceObject: {fileID: 0}
  m_PrefabInstance: {fileID: 0}
  m_PrefabAsset: {fileID: 0}
  serializedVersion: 6
  m_Component:
  - component: {fileID: 4898425109790075465}
  - component: {fileID: 4898425109790075471}
  - component: {fileID: 4898425109790075464}
  m_Layer: 0
  m_Name: Trees2 (1)
  m_TagString: Untagged
  m_Icon: {fileID: 0}
  m_NavMeshLayer: 0
  m_StaticEditorFlags: 0
  m_IsActive: 1
--- !u!4 &4898425109790075465
Transform:
  m_ObjectHideFlags: 0
  m_CorrespondingSourceObject: {fileID: 0}
  m_PrefabInstance: {fileID: 0}
  m_PrefabAsset: {fileID: 0}
  m_GameObject: {fileID: 4898425109790075466}
  m_LocalRotation: {x: -0, y: -0, z: -0, w: 1}
  m_LocalPosition: {x: 4.06, y: -1.1999989, z: 0}
  m_LocalScale: {x: 1, y: 1, z: 1}
  m_ConstrainProportionsScale: 0
  m_Children: []
  m_Father: {fileID: 4898425109631163905}
  m_RootOrder: 1
  m_LocalEulerAnglesHint: {x: 0, y: 0, z: 0}
--- !u!212 &4898425109790075471
SpriteRenderer:
  m_ObjectHideFlags: 0
  m_CorrespondingSourceObject: {fileID: 0}
  m_PrefabInstance: {fileID: 0}
  m_PrefabAsset: {fileID: 0}
  m_GameObject: {fileID: 4898425109790075466}
  m_Enabled: 1
  m_CastShadows: 0
  m_ReceiveShadows: 0
  m_DynamicOccludee: 1
  m_StaticShadowCaster: 0
  m_MotionVectors: 1
  m_LightProbeUsage: 1
  m_ReflectionProbeUsage: 1
  m_RayTracingMode: 0
  m_RayTraceProcedural: 0
  m_RenderingLayerMask: 1
  m_RendererPriority: 0
  m_Materials:
  - {fileID: 2100000, guid: c24a8cbd2eca6514da3a49eeecce3152, type: 2}
  m_StaticBatchInfo:
    firstSubMesh: 0
    subMeshCount: 0
  m_StaticBatchRoot: {fileID: 0}
  m_ProbeAnchor: {fileID: 0}
  m_LightProbeVolumeOverride: {fileID: 0}
  m_ScaleInLightmap: 1
  m_ReceiveGI: 1
  m_PreserveUVs: 0
  m_IgnoreNormalsForChartDetection: 0
  m_ImportantGI: 0
  m_StitchLightmapSeams: 1
  m_SelectedEditorRenderState: 0
  m_MinimumChartSize: 4
  m_AutoUVMaxDistance: 0.5
  m_AutoUVMaxAngle: 89
  m_LightmapParameters: {fileID: 0}
  m_SortingLayerID: 0
  m_SortingLayer: 0
  m_SortingOrder: -1
  m_Sprite: {fileID: 21300000, guid: 083136a28817efd4d80a83594ac311b7, type: 3}
  m_Color: {r: 0, g: 0, b: 0, a: 0.2784314}
  m_FlipX: 0
  m_FlipY: 0
  m_DrawMode: 0
  m_Size: {x: 19.2, y: 10.8}
  m_AdaptiveModeThreshold: 0.5
  m_SpriteTileMode: 0
  m_WasSpriteAssigned: 1
  m_MaskInteraction: 0
  m_SpriteSortPoint: 0
--- !u!60 &4898425109790075464
PolygonCollider2D:
  m_ObjectHideFlags: 0
  m_CorrespondingSourceObject: {fileID: 0}
  m_PrefabInstance: {fileID: 0}
  m_PrefabAsset: {fileID: 0}
  m_GameObject: {fileID: 4898425109790075466}
  m_Enabled: 0
  m_Density: 1
  m_Material: {fileID: 0}
  m_IsTrigger: 0
  m_UsedByEffector: 0
  m_UsedByComposite: 0
  m_Offset: {x: 0, y: 0}
  m_SpriteTilingProperty:
    border: {x: 0, y: 0, z: 0, w: 0}
    pivot: {x: 0.5, y: 0.5}
    oldSize: {x: 19.2, y: 10.8}
    newSize: {x: 19.2, y: 10.8}
    adaptiveTilingThreshold: 0.5
    drawMode: 0
    adaptiveTiling: 0
  m_AutoTiling: 0
  m_Points:
    m_Paths:
    - - {x: 0.34, y: -1.52}
      - {x: 0.57, y: -1.51}
      - {x: 0.9, y: -1.3399999}
      - {x: 1.06, y: -1.29}
      - {x: 1.17, y: -1.15}
      - {x: 1.38, y: -1}
      - {x: 1.4, y: -0.91999996}
      - {x: 1.5, y: -0.61}
      - {x: 1.5999999, y: -0.45}
      - {x: 1.62, y: -0.29999998}
      - {x: 1.62, y: -0.24}
      - {x: 1.74, y: -0.12}
      - {x: 1.76, y: -0.07}
      - {x: 1.78, y: 0.01}
      - {x: 1.78, y: 0.11}
      - {x: 1.87, y: 0.19}
      - {x: 1.92, y: 0.24}
      - {x: 1.92, y: 0.45}
      - {x: 1.91, y: 0.5}
      - {x: 1.89, y: 0.51}
      - {x: 1.92, y: 0.68}
      - {x: 1.89, y: 0.9}
      - {x: 1.74, y: 1}
      - {x: 1.6999999, y: 1.12}
      - {x: 1.63, y: 1.2099999}
      - {x: 1.63, y: 1.35}
      - {x: 1.54, y: 1.43}
      - {x: 1.4399999, y: 1.4599999}
      - {x: 1.4399999, y: 1.53}
      - {x: 1.42, y: 1.5999999}
      - {x: 1.39, y: 1.6899999}
      - {x: 1.28, y: 1.8499999}
      - {x: 1.1999999, y: 1.93}
      - {x: 1.14, y: 1.9599999}
      - {x: 0.97999996, y: 1.9799999}
      - {x: 0.90999997, y: 2.11}
      - {x: 0.83, y: 2.2}
      - {x: 0.58, y: 2.33}
      - {x: 0.28, y: 2.35}
      - {x: 0.22, y: 2.3899999}
      - {x: -0.049999997, y: 2.3899999}
      - {x: -0.089999996, y: 2.35}
      - {x: -0.25, y: 2.33}
      - {x: -0.55, y: 2.32}
      - {x: -0.71, y: 2.3}
      - {x: -0.88, y: 2.25}
      - {x: -0.98999995, y: 2.1699998}
      - {x: -1.16, y: 2.1299999}
      - {x: -1.27, y: 2.07}
      - {x: -1.36, y: 2}
      - {x: -1.5899999, y: 1.92}
      - {x: -1.8299999, y: 1.67}
      - {x: -1.92, y: 1.5}
      - {x: -1.9399999, y: 1.41}
      - {x: -2.1, y: 1.2099999}
      - {x: -2.1699998, y: 1.05}
      - {x: -2.2, y: 0.90999997}
      - {x: -2.2, y: 0.72999996}
      - {x: -2.1699998, y: 0.5}
      - {x: -2.1499999, y: 0.31}
      - {x: -2.22, y: 0.22}
      - {x: -2.22, y: 0.01}
      - {x: -2.2, y: -0.049999997}
      - {x: -2.1299999, y: -0.25}
      - {x: -2.08, y: -0.45}
      - {x: -1.9399999, y: -0.75}
      - {x: -1.87, y: -0.84}
      - {x: -1.79, y: -0.95}
      - {x: -1.62, y: -1.12}
      - {x: -1.54, y: -1.15}
      - {x: -1.38, y: -1.27}
      - {x: -1.09, y: -1.42}
      - {x: -0.77, y: -1.5999999}
      - {x: -0.61, y: -1.63}
      - {x: -0.38, y: -1.63}
      - {x: -0.17999999, y: -1.5799999}
      - {x: 0.16, y: -1.56}
--- !u!1 &4898425109903643443
GameObject:
  m_ObjectHideFlags: 0
  m_CorrespondingSourceObject: {fileID: 0}
  m_PrefabInstance: {fileID: 0}
  m_PrefabAsset: {fileID: 0}
  serializedVersion: 6
  m_Component:
  - component: {fileID: 4898425109903643442}
  - component: {fileID: 4898425109903643440}
  - component: {fileID: 4898425109903643441}
  m_Layer: 0
  m_Name: Trees2
  m_TagString: Untagged
  m_Icon: {fileID: 0}
  m_NavMeshLayer: 0
  m_StaticEditorFlags: 0
  m_IsActive: 1
--- !u!4 &4898425109903643442
Transform:
  m_ObjectHideFlags: 0
  m_CorrespondingSourceObject: {fileID: 0}
  m_PrefabInstance: {fileID: 0}
  m_PrefabAsset: {fileID: 0}
  m_GameObject: {fileID: 4898425109903643443}
  m_LocalRotation: {x: -0, y: -0, z: -0, w: 1}
  m_LocalPosition: {x: 1.7600002, y: 0, z: 0}
  m_LocalScale: {x: 1, y: 1, z: 1}
  m_ConstrainProportionsScale: 0
  m_Children: []
  m_Father: {fileID: 4898425109631163905}
  m_RootOrder: 0
  m_LocalEulerAnglesHint: {x: 0, y: 0, z: 0}
--- !u!212 &4898425109903643440
SpriteRenderer:
  m_ObjectHideFlags: 0
  m_CorrespondingSourceObject: {fileID: 0}
  m_PrefabInstance: {fileID: 0}
  m_PrefabAsset: {fileID: 0}
  m_GameObject: {fileID: 4898425109903643443}
  m_Enabled: 1
  m_CastShadows: 0
  m_ReceiveShadows: 0
  m_DynamicOccludee: 1
  m_StaticShadowCaster: 0
  m_MotionVectors: 1
  m_LightProbeUsage: 1
  m_ReflectionProbeUsage: 1
  m_RayTracingMode: 0
  m_RayTraceProcedural: 0
  m_RenderingLayerMask: 1
  m_RendererPriority: 0
  m_Materials:
  - {fileID: 2100000, guid: c24a8cbd2eca6514da3a49eeecce3152, type: 2}
  m_StaticBatchInfo:
    firstSubMesh: 0
    subMeshCount: 0
  m_StaticBatchRoot: {fileID: 0}
  m_ProbeAnchor: {fileID: 0}
  m_LightProbeVolumeOverride: {fileID: 0}
  m_ScaleInLightmap: 1
  m_ReceiveGI: 1
  m_PreserveUVs: 0
  m_IgnoreNormalsForChartDetection: 0
  m_ImportantGI: 0
  m_StitchLightmapSeams: 1
  m_SelectedEditorRenderState: 0
  m_MinimumChartSize: 4
  m_AutoUVMaxDistance: 0.5
  m_AutoUVMaxAngle: 89
  m_LightmapParameters: {fileID: 0}
  m_SortingLayerID: 0
  m_SortingLayer: 0
  m_SortingOrder: -1
  m_Sprite: {fileID: 21300000, guid: 083136a28817efd4d80a83594ac311b7, type: 3}
  m_Color: {r: 0, g: 0, b: 0, a: 0.2784314}
  m_FlipX: 0
  m_FlipY: 0
  m_DrawMode: 0
  m_Size: {x: 19.2, y: 10.8}
  m_AdaptiveModeThreshold: 0.5
  m_SpriteTileMode: 0
  m_WasSpriteAssigned: 1
  m_MaskInteraction: 0
  m_SpriteSortPoint: 0
--- !u!60 &4898425109903643441
PolygonCollider2D:
  m_ObjectHideFlags: 0
  m_CorrespondingSourceObject: {fileID: 0}
  m_PrefabInstance: {fileID: 0}
  m_PrefabAsset: {fileID: 0}
  m_GameObject: {fileID: 4898425109903643443}
  m_Enabled: 0
  m_Density: 1
  m_Material: {fileID: 0}
  m_IsTrigger: 0
  m_UsedByEffector: 0
  m_UsedByComposite: 0
  m_Offset: {x: 0, y: 0}
  m_SpriteTilingProperty:
    border: {x: 0, y: 0, z: 0, w: 0}
    pivot: {x: 0.5, y: 0.5}
    oldSize: {x: 19.2, y: 10.8}
    newSize: {x: 19.2, y: 10.8}
    adaptiveTilingThreshold: 0.5
    drawMode: 0
    adaptiveTiling: 0
  m_AutoTiling: 0
  m_Points:
    m_Paths:
    - - {x: 0.34, y: -1.52}
      - {x: 0.57, y: -1.51}
      - {x: 0.9, y: -1.3399999}
      - {x: 1.06, y: -1.29}
      - {x: 1.17, y: -1.15}
      - {x: 1.38, y: -1}
      - {x: 1.4, y: -0.91999996}
      - {x: 1.5, y: -0.61}
      - {x: 1.5999999, y: -0.45}
      - {x: 1.62, y: -0.29999998}
      - {x: 1.62, y: -0.24}
      - {x: 1.74, y: -0.12}
      - {x: 1.76, y: -0.07}
      - {x: 1.78, y: 0.01}
      - {x: 1.78, y: 0.11}
      - {x: 1.87, y: 0.19}
      - {x: 1.92, y: 0.24}
      - {x: 1.92, y: 0.45}
      - {x: 1.91, y: 0.5}
      - {x: 1.89, y: 0.51}
      - {x: 1.92, y: 0.68}
      - {x: 1.89, y: 0.9}
      - {x: 1.74, y: 1}
      - {x: 1.6999999, y: 1.12}
      - {x: 1.63, y: 1.2099999}
      - {x: 1.63, y: 1.35}
      - {x: 1.54, y: 1.43}
      - {x: 1.4399999, y: 1.4599999}
      - {x: 1.4399999, y: 1.53}
      - {x: 1.42, y: 1.5999999}
      - {x: 1.39, y: 1.6899999}
      - {x: 1.28, y: 1.8499999}
      - {x: 1.1999999, y: 1.93}
      - {x: 1.14, y: 1.9599999}
      - {x: 0.97999996, y: 1.9799999}
      - {x: 0.90999997, y: 2.11}
      - {x: 0.83, y: 2.2}
      - {x: 0.58, y: 2.33}
      - {x: 0.28, y: 2.35}
      - {x: 0.22, y: 2.3899999}
      - {x: -0.049999997, y: 2.3899999}
      - {x: -0.089999996, y: 2.35}
      - {x: -0.25, y: 2.33}
      - {x: -0.55, y: 2.32}
      - {x: -0.71, y: 2.3}
      - {x: -0.88, y: 2.25}
      - {x: -0.98999995, y: 2.1699998}
      - {x: -1.16, y: 2.1299999}
      - {x: -1.27, y: 2.07}
      - {x: -1.36, y: 2}
      - {x: -1.5899999, y: 1.92}
      - {x: -1.8299999, y: 1.67}
      - {x: -1.92, y: 1.5}
      - {x: -1.9399999, y: 1.41}
      - {x: -2.1, y: 1.2099999}
      - {x: -2.1699998, y: 1.05}
      - {x: -2.2, y: 0.90999997}
      - {x: -2.2, y: 0.72999996}
      - {x: -2.1699998, y: 0.5}
      - {x: -2.1499999, y: 0.31}
      - {x: -2.22, y: 0.22}
      - {x: -2.22, y: 0.01}
      - {x: -2.2, y: -0.049999997}
      - {x: -2.1299999, y: -0.25}
      - {x: -2.08, y: -0.45}
      - {x: -1.9399999, y: -0.75}
      - {x: -1.87, y: -0.84}
      - {x: -1.79, y: -0.95}
      - {x: -1.62, y: -1.12}
      - {x: -1.54, y: -1.15}
      - {x: -1.38, y: -1.27}
      - {x: -1.09, y: -1.42}
      - {x: -0.77, y: -1.5999999}
      - {x: -0.61, y: -1.63}
      - {x: -0.38, y: -1.63}
      - {x: -0.17999999, y: -1.5799999}
      - {x: 0.16, y: -1.56}
--- !u!1 &4898425109953075075
GameObject:
  m_ObjectHideFlags: 0
  m_CorrespondingSourceObject: {fileID: 0}
  m_PrefabInstance: {fileID: 0}
  m_PrefabAsset: {fileID: 0}
  serializedVersion: 6
  m_Component:
  - component: {fileID: 4898425109953075074}
  - component: {fileID: 4898425109953075072}
  - component: {fileID: 4898425109953075073}
  m_Layer: 0
  m_Name: Trees2 (2)
  m_TagString: Untagged
  m_Icon: {fileID: 0}
  m_NavMeshLayer: 0
  m_StaticEditorFlags: 0
  m_IsActive: 1
--- !u!4 &4898425109953075074
Transform:
  m_ObjectHideFlags: 0
  m_CorrespondingSourceObject: {fileID: 0}
  m_PrefabInstance: {fileID: 0}
  m_PrefabAsset: {fileID: 0}
  m_GameObject: {fileID: 4898425109953075075}
  m_LocalRotation: {x: -0, y: -0, z: -0, w: 1}
  m_LocalPosition: {x: 1.5600004, y: -2.2999992, z: 0}
  m_LocalScale: {x: 1, y: 1, z: 1}
  m_ConstrainProportionsScale: 0
  m_Children: []
  m_Father: {fileID: 4898425109631163905}
  m_RootOrder: 2
  m_LocalEulerAnglesHint: {x: 0, y: 0, z: 0}
--- !u!212 &4898425109953075072
SpriteRenderer:
  m_ObjectHideFlags: 0
  m_CorrespondingSourceObject: {fileID: 0}
  m_PrefabInstance: {fileID: 0}
  m_PrefabAsset: {fileID: 0}
  m_GameObject: {fileID: 4898425109953075075}
  m_Enabled: 1
  m_CastShadows: 0
  m_ReceiveShadows: 0
  m_DynamicOccludee: 1
  m_StaticShadowCaster: 0
  m_MotionVectors: 1
  m_LightProbeUsage: 1
  m_ReflectionProbeUsage: 1
  m_RayTracingMode: 0
  m_RayTraceProcedural: 0
  m_RenderingLayerMask: 1
  m_RendererPriority: 0
  m_Materials:
  - {fileID: 2100000, guid: c24a8cbd2eca6514da3a49eeecce3152, type: 2}
  m_StaticBatchInfo:
    firstSubMesh: 0
    subMeshCount: 0
  m_StaticBatchRoot: {fileID: 0}
  m_ProbeAnchor: {fileID: 0}
  m_LightProbeVolumeOverride: {fileID: 0}
  m_ScaleInLightmap: 1
  m_ReceiveGI: 1
  m_PreserveUVs: 0
  m_IgnoreNormalsForChartDetection: 0
  m_ImportantGI: 0
  m_StitchLightmapSeams: 1
  m_SelectedEditorRenderState: 0
  m_MinimumChartSize: 4
  m_AutoUVMaxDistance: 0.5
  m_AutoUVMaxAngle: 89
  m_LightmapParameters: {fileID: 0}
  m_SortingLayerID: 0
  m_SortingLayer: 0
  m_SortingOrder: -1
  m_Sprite: {fileID: 21300000, guid: 083136a28817efd4d80a83594ac311b7, type: 3}
  m_Color: {r: 0, g: 0, b: 0, a: 0.2784314}
  m_FlipX: 0
  m_FlipY: 0
  m_DrawMode: 0
  m_Size: {x: 19.2, y: 10.8}
  m_AdaptiveModeThreshold: 0.5
  m_SpriteTileMode: 0
  m_WasSpriteAssigned: 1
  m_MaskInteraction: 0
  m_SpriteSortPoint: 0
--- !u!60 &4898425109953075073
PolygonCollider2D:
  m_ObjectHideFlags: 0
  m_CorrespondingSourceObject: {fileID: 0}
  m_PrefabInstance: {fileID: 0}
  m_PrefabAsset: {fileID: 0}
  m_GameObject: {fileID: 4898425109953075075}
  m_Enabled: 0
  m_Density: 1
  m_Material: {fileID: 0}
  m_IsTrigger: 0
  m_UsedByEffector: 0
  m_UsedByComposite: 0
  m_Offset: {x: 0, y: 0}
  m_SpriteTilingProperty:
    border: {x: 0, y: 0, z: 0, w: 0}
    pivot: {x: 0.5, y: 0.5}
    oldSize: {x: 19.2, y: 10.8}
    newSize: {x: 19.2, y: 10.8}
    adaptiveTilingThreshold: 0.5
    drawMode: 0
    adaptiveTiling: 0
  m_AutoTiling: 0
  m_Points:
    m_Paths:
    - - {x: 0.34, y: -1.52}
      - {x: 0.57, y: -1.51}
      - {x: 0.9, y: -1.3399999}
      - {x: 1.06, y: -1.29}
      - {x: 1.17, y: -1.15}
      - {x: 1.38, y: -1}
      - {x: 1.4, y: -0.91999996}
      - {x: 1.5, y: -0.61}
      - {x: 1.5999999, y: -0.45}
      - {x: 1.62, y: -0.29999998}
      - {x: 1.62, y: -0.24}
      - {x: 1.74, y: -0.12}
      - {x: 1.76, y: -0.07}
      - {x: 1.78, y: 0.01}
      - {x: 1.78, y: 0.11}
      - {x: 1.87, y: 0.19}
      - {x: 1.92, y: 0.24}
      - {x: 1.92, y: 0.45}
      - {x: 1.91, y: 0.5}
      - {x: 1.89, y: 0.51}
      - {x: 1.92, y: 0.68}
      - {x: 1.89, y: 0.9}
      - {x: 1.74, y: 1}
      - {x: 1.6999999, y: 1.12}
      - {x: 1.63, y: 1.2099999}
      - {x: 1.63, y: 1.35}
      - {x: 1.54, y: 1.43}
      - {x: 1.4399999, y: 1.4599999}
      - {x: 1.4399999, y: 1.53}
      - {x: 1.42, y: 1.5999999}
      - {x: 1.39, y: 1.6899999}
      - {x: 1.28, y: 1.8499999}
      - {x: 1.1999999, y: 1.93}
      - {x: 1.14, y: 1.9599999}
      - {x: 0.97999996, y: 1.9799999}
      - {x: 0.90999997, y: 2.11}
      - {x: 0.83, y: 2.2}
      - {x: 0.58, y: 2.33}
      - {x: 0.28, y: 2.35}
      - {x: 0.22, y: 2.3899999}
      - {x: -0.049999997, y: 2.3899999}
      - {x: -0.089999996, y: 2.35}
      - {x: -0.25, y: 2.33}
      - {x: -0.55, y: 2.32}
      - {x: -0.71, y: 2.3}
      - {x: -0.88, y: 2.25}
      - {x: -0.98999995, y: 2.1699998}
      - {x: -1.16, y: 2.1299999}
      - {x: -1.27, y: 2.07}
      - {x: -1.36, y: 2}
      - {x: -1.5899999, y: 1.92}
      - {x: -1.8299999, y: 1.67}
      - {x: -1.92, y: 1.5}
      - {x: -1.9399999, y: 1.41}
      - {x: -2.1, y: 1.2099999}
      - {x: -2.1699998, y: 1.05}
      - {x: -2.2, y: 0.90999997}
      - {x: -2.2, y: 0.72999996}
      - {x: -2.1699998, y: 0.5}
      - {x: -2.1499999, y: 0.31}
      - {x: -2.22, y: 0.22}
      - {x: -2.22, y: 0.01}
      - {x: -2.2, y: -0.049999997}
      - {x: -2.1299999, y: -0.25}
      - {x: -2.08, y: -0.45}
      - {x: -1.9399999, y: -0.75}
      - {x: -1.87, y: -0.84}
      - {x: -1.79, y: -0.95}
      - {x: -1.62, y: -1.12}
      - {x: -1.54, y: -1.15}
      - {x: -1.38, y: -1.27}
      - {x: -1.09, y: -1.42}
      - {x: -0.77, y: -1.5999999}
      - {x: -0.61, y: -1.63}
      - {x: -0.38, y: -1.63}
      - {x: -0.17999999, y: -1.5799999}
      - {x: 0.16, y: -1.56}
